<?xml version="1.0" encoding="UTF-8"?><record xmlns="http://www.loc.gov/MARC21/slim" xmlns:cinclude="http://apache.org/cocoon/include/1.0" xmlns:zs="http://www.loc.gov/zing/srw/">
  <leader>00752cz  a2200157n  4500</leader>
  <controlfield tag="001">n 2004088408</controlfield>
  <controlfield tag="003">DLC</controlfield>
  <controlfield tag="005">20060518113424.0</controlfield>
  <controlfield tag="008">040107n| acannaabn          |a aaa      </controlfield>
  <datafield tag="010" ind1=" " ind2=" ">
    <subfield code="a">n 2004088408</subfield>
    <subfield code="z">n 2006030410</subfield>
  </datafield>
  <datafield tag="040" ind1=" " ind2=" ">
    <subfield code="a">DLC</subfield>
    <subfield code="b">eng</subfield>
    <subfield code="c">DLC</subfield>
    <subfield code="d">DLC</subfield>
  </datafield>
  <datafield tag="100" ind1="1" ind2=" ">
    <subfield code="a">Groizard Cardosa, José Luis</subfield>
  </datafield>
  <datafield tag="400" ind1="1" ind2=" ">
    <subfield code="a">Cardosa, José Luis Groizard</subfield>
  </datafield>
  <datafield tag="400" ind1="1" ind2=" ">
    <subfield code="a">Groizard, José Luis</subfield>
  </datafield>
  <datafield tag="670" ind1=" " ind2=" ">
    <subfield code="a">Seminari Mediterrani de Cooperació i Desenvolupament Internacional (1st : 2003? : Universitat de les Illes Balears). Globalització i desenvolupament, 2003:</subfield>
    <subfield code="b">t.p. (José Luis Groizard Cardosa)</subfield>
  </datafield>
  <datafield tag="670" ind1=" " ind2=" ">
    <subfield code="a">Busse, Matthias. Foreign direct investment, regulations and growth, 2006:</subfield>
    <subfield code="b">t.p. (José Luis Groizard ; Universitat de les Illes Balears, Dept. of Applied Economics)</subfield>
  </datafield>
</record>